<record><leader>00000cas a22000007a 4500</leader><controlfield tag="001">29044981</controlfield><controlfield tag="008">931018d19501967nmuwr ne      0    0eng d</controlfield><datafield ind1=" " ind2=" " tag="010"><subfield code="a">sn 93061784 </subfield></datafield><datafield ind1=" " ind2=" " tag="040"><subfield code="a">NVM</subfield><subfield code="b">eng</subfield><subfield code="c">NVM</subfield><subfield code="d">OCLCQ</subfield></datafield><datafield ind1=" " ind2=" " tag="042"><subfield code="a">msc</subfield></datafield><datafield ind1=" " ind2=" " tag="043"><subfield code="a">n-us-nm</subfield></datafield><datafield ind1="0" ind2=" " tag="130"><subfield code="a">Round-up (Datil, N.M.)</subfield></datafield><datafield ind1="1" ind2="0" tag="245"><subfield code="a">Round-up.</subfield></datafield><datafield ind1="1" ind2="3" tag="246"><subfield code="a">Catron County round-up</subfield></datafield><datafield ind1=" " ind2=" " tag="260"><subfield code="a">Datil, N.M. :</subfield><subfield code="b">Robert D. Klipsch</subfield></datafield><datafield ind1=" " ind2=" " tag="300"><subfield code="a">v.</subfield></datafield><datafield ind1=" " ind2=" " tag="310"><subfield code="a">Weekly</subfield></datafield><datafield ind1="1" ind2=" " tag="362"><subfield code="a">Began in Jan. 1950.</subfield></datafield><datafield ind1="0" ind2=" " tag="362"><subfield code="a">-v. 24, no. 8 (Feb. 21, 1974).</subfield></datafield><datafield ind1=" " ind2=" " tag="588"><subfield code="a">Description based on: Vol. 17, no. 42 (Oct. 19, 1967).</subfield></datafield><datafield ind1=" " ind2="4" tag="651"><subfield code="a">Datil (N.M.)</subfield><subfield code="v">Newspapers.</subfield></datafield><datafield ind1=" " ind2="4" tag="651"><subfield code="a">Catron County (N.M.)</subfield><subfield code="v">Newspapers.</subfield></datafield><datafield ind1=" " ind2=" " tag="752"><subfield code="a">United States</subfield><subfield code="b">New Mexico</subfield><subfield code="c">Catron</subfield><subfield code="d">Datil.</subfield></datafield><datafield ind1="0" ind2="4" tag="785"><subfield code="t">Defensor-chieftain (Socorro, N.M.)</subfield><subfield code="w">(DLC)sn 78001677</subfield></datafield><datafield ind1="1" ind2=" " tag="029"><subfield code="a">AU@</subfield><subfield code="b">000025873116</subfield></datafield></record>